<?xml version="1.0" encoding="UTF-8"?><record xmlns="http://www.loc.gov/MARC21/slim" xmlns:cinclude="http://apache.org/cocoon/include/1.0" xmlns:zs="http://www.loc.gov/zing/srw/">
  <leader>00391nz  a2200133n  4500</leader>
  <controlfield tag="001">no2008079873</controlfield>
  <controlfield tag="003">DLC</controlfield>
  <controlfield tag="005">20080531075348.0</controlfield>
  <controlfield tag="008">080424n| acannaabn          |n aaa     c</controlfield>
  <datafield tag="010" ind1=" " ind2=" ">
    <subfield code="a">no2008079873</subfield>
  </datafield>
  <datafield tag="035" ind1=" " ind2=" ">
    <subfield code="a">(OCoLC)oca07780966</subfield>
  </datafield>
  <datafield tag="040" ind1=" " ind2=" ">
    <subfield code="a">U</subfield>
    <subfield code="b">eng</subfield>
    <subfield code="c">U</subfield>
  </datafield>
  <datafield tag="100" ind1="1" ind2=" ">
    <subfield code="a">Riffkin, Matt</subfield>
  </datafield>
  <datafield tag="670" ind1=" " ind2=" ">
    <subfield code="a">Variable speed limit signs effects on speed and speed variation in work zones, 2008:</subfield>
    <subfield code="b">t.p. (Matt Riffkin)</subfield>
  </datafield>
</record>